<?xml version="1.0" encoding="UTF-8" ?>
<collection xmlns:xsi="http://www.w3.org/2001/XMLSchema-instance" xsi:schemaLocation="http://www.loc.gov/MARC21/slim http://www.loc.gov/standards/marcxml/schema/MARC21slim.xsd" xmlns="http://www.loc.gov/MARC21/slim">
   <record>
      <leader>     cam a22     K  4500</leader>
      <controlfield tag="001">4611939</controlfield>
      <controlfield tag="003">NIC</controlfield>
      <controlfield tag="005">20141227091748.0</controlfield>
      <controlfield tag="008">850509m19399999ua h     bc  f000 0 ara d</controlfield>
      <datafield tag="035" ind1=" " ind2=" ">
         <subfield code="a">(OCoLC)12016649</subfield>
      </datafield>
      <datafield tag="035" ind1=" " ind2=" ">
         <subfield code="a">4611939</subfield>
      </datafield>
      <datafield tag="040" ind1=" " ind2=" ">
         <subfield code="a">CLU</subfield>
         <subfield code="c">CLU</subfield>
         <subfield code="d">OCLCQ</subfield>
         <subfield code="d">NIC</subfield>
      </datafield>
      <datafield tag="041" ind1="0" ind2=" ">
         <subfield code="a">araeng</subfield>
      </datafield>
      <datafield tag="090" ind1=" " ind2=" ">
         <subfield code="a">Z6605.C7</subfield>
         <subfield code="b">S58</subfield>
      </datafield>
      <datafield tag="100" ind1="1" ind2=" ">
         <subfield code="a">Simaykah, Murqus,</subfield>
         <subfield code="d">1864-1944.</subfield>
      </datafield>
      <datafield tag="245" ind1="1" ind2="0">
         <subfield code="a">Fahāris al-makhṭūṭāt al-qibṭīyah wa-al- ʻarabīyah al-mawjūdah bi-al-matḥaf al-qibṭī wa-al-dār al-baṭriyarkiyah wa-ahamm kanā&apos;is al-Qāhirah wa-al-Iskandarīyah wa-adyirat al-quṭr al-miṣrī,</subfield>
         <subfield code="c">ta&apos;lif Murqus Simaykah bi-musā ʻadat Yassa ʻAbd al-Masīh. Catalogue of the Coptic and Arabic manuscripts in the Coptic Museum, the Patriarchate, the principal churches of Cairo and Alexandria, and the monasteries of Egypt.</subfield>
      </datafield>
      <datafield tag="260" ind1=" " ind2=" ">
         <subfield code="a">Cairo :</subfield>
         <subfield code="b">Govt. Press,</subfield>
         <subfield code="c">1939-</subfield>
      </datafield>
      <datafield tag="300" ind1=" " ind2=" ">
         <subfield code="a">v.</subfield>
         <subfield code="b">facsims.</subfield>
      </datafield>
      <datafield tag="440" ind1=" " ind2="3">
         <subfield code="a">al-Mathaf al-Qibti</subfield>
      </datafield>
      <datafield tag="500" ind1=" " ind2=" ">
         <subfield code="a">Arabic and English.</subfield>
      </datafield>
      <datafield tag="505" ind1="1" ind2=" ">
         <subfield code="a">v. 1. al-Muqaddimah. al-Matḥaf al-Qibṭī.--v. 2, pt. 1. Maktabat Dār al-Baṭriyarkīyah.</subfield>
      </datafield>
      <datafield tag="650" ind1=" " ind2="0">
         <subfield code="a">Coptic manuscripts</subfield>
         <subfield code="z">Egypt</subfield>
         <subfield code="v">Bibliography.</subfield>
      </datafield>
      <datafield tag="650" ind1=" " ind2="0">
         <subfield code="a">Manuscripts, Arabic</subfield>
         <subfield code="z">Egypt</subfield>
         <subfield code="v">Bibliography.</subfield>
      </datafield>
      <datafield tag="650" ind1=" " ind2="7">
         <subfield code="a">Coptic manuscripts</subfield>
         <subfield code="2">fast</subfield>
         <subfield code="0">(OCoLC)fst01734594</subfield>
      </datafield>
      <datafield tag="650" ind1=" " ind2="7">
         <subfield code="a">Manuscripts, Arabic</subfield>
         <subfield code="2">fast</subfield>
         <subfield code="0">(OCoLC)fst01008278</subfield>
      </datafield>
      <datafield tag="651" ind1=" " ind2="7">
         <subfield code="a">Egypt</subfield>
         <subfield code="2">fast</subfield>
         <subfield code="0">(OCoLC)fst01208755</subfield>
      </datafield>
      <datafield tag="655" ind1=" " ind2="7">
         <subfield code="a">Bibliography</subfield>
         <subfield code="2">fast</subfield>
         <subfield code="0">(OCoLC)fst01423717</subfield>
      </datafield>
      <datafield tag="700" ind1="1" ind2=" ">
         <subfield code="a">Yasā ʻAbd al-Masīḥ.</subfield>
      </datafield>
      <datafield tag="740" ind1="0" ind2=" ">
         <subfield code="a">Catalogue of the Coptic and Arabic manuscripts in the Coptic Museum.</subfield>
      </datafield>
      <datafield tag="948" ind1="2" ind2=" ">
         <subfield code="a">20030407</subfield>
         <subfield code="b">x</subfield>
         <subfield code="d">batch</subfield>
         <subfield code="e">lts</subfield>
      </datafield>
      <datafield tag="948" ind1="3" ind2=" ">
         <subfield code="a">20030407</subfield>
         <subfield code="h">recon2</subfield>
         <subfield code="i">edx.mars.coo.ftp.v03m04.cc.bib</subfield>
      </datafield>
      <datafield tag="948" ind1="2" ind2=" ">
         <subfield code="a">20141227</subfield>
         <subfield code="b">m</subfield>
         <subfield code="d">batch</subfield>
         <subfield code="e">lts</subfield>
         <subfield code="x">addfast</subfield>
      </datafield>
      <datafield tag="903" ind1=" " ind2=" ">
         <subfield code="a">NYUACO</subfield>
         <subfield code="d">20150421</subfield>
         <subfield code="p">31924092494081</subfield>
      </datafield>
      <datafield tag="950" ind1=" " ind2=" ">
         <subfield code="a">A.D.</subfield>
         <subfield code="b">White Z6605.C7 S58 +</subfield>
         <subfield code="v">v.1 </subfield>
      </datafield>
      <datafield tag="903" ind1=" " ind2=" ">
         <subfield code="a">NYUACO</subfield>
         <subfield code="d">20150421</subfield>
         <subfield code="p">31924092494099</subfield>
      </datafield>
      <datafield tag="950" ind1=" " ind2=" ">
         <subfield code="a">A.D.</subfield>
         <subfield code="b">White Z6605.C7 S58 +</subfield>
         <subfield code="v">v.2:fasc.1 </subfield>
      </datafield>
   </record>
</collection>
